@Manual{hyndman2021,
    title = "Forecasting: principles and practice",
    author = "Hyndman, R.J. and Athanasopoulos, G.",
    year = 2021,
    edition = 3,
    publisher = "OTexts",
    address = "Melbourne, Australia",
    url = {https://otexts.com/fpp3/},
    note = {Acessado em 14/09/20}
}