@Manual{R-base,
  title = {R: A Language and Environment for Statistical Computing},
  author = {{R Core Team}},
  organization = {R Foundation for Statistical Computing},
  address = {Vienna, Austria},
  year = {2022},
  url = {https://www.R-project.org/},
}

@Manual{R-bees,
  title = {bees: Helper R Functions to Banestes},
  author = {Alberson Miranda},
  year = {2022},
  note = {R package version 0.0.0.9005},
  url = {https://github.com/albersonmiranda/bees},
}

@Manual{R-fable,
  title = {fable: Forecasting Models for Tidy Time Series},
  author = {Mitchell O'Hara-Wild and Rob Hyndman and Earo Wang},
  year = {2022},
  note = {R package version 0.3.2},
  url = {https://CRAN.R-project.org/package=fable},
}

@Manual{R-fabletools,
  title = {fabletools: Core Tools for Packages in the fable Framework},
  author = {Mitchell O'Hara-Wild and Rob Hyndman and Earo Wang},
  year = {2021},
  note = {R package version 0.3.2},
  url = {https://CRAN.R-project.org/package=fabletools},
}

@Manual{R-feasts,
  title = {feasts: Feature Extraction and Statistics for Time Series},
  author = {Mitchell O'Hara-Wild and Rob Hyndman and Earo Wang},
  year = {2022},
  note = {R package version 0.3.0},
  url = {https://CRAN.R-project.org/package=feasts},
}

@Manual{R-kableExtra,
  title = {kableExtra: Construct Complex Table with kable and Pipe Syntax},
  author = {Hao Zhu},
  year = {2021},
  note = {R package version 1.3.4},
  url = {https://CRAN.R-project.org/package=kableExtra},
}

@Manual{R-quantreg,
  title = {quantreg: Quantile Regression},
  author = {Roger Koenker},
  year = {2022},
  note = {R package version 5.94},
  url = {https://www.r-project.org},
}

@Manual{R-tsibble,
  title = {tsibble: Tidy Temporal Data Frames and Tools},
  author = {Earo Wang and Di Cook and Rob Hyndman and Mitchell O'Hara-Wild},
  year = {2022},
  note = {R package version 1.1.3},
  url = {https://tsibble.tidyverts.org},
}

@Article{tsibble2020,
  author = {Earo Wang and Dianne Cook and Rob J Hyndman},
  title = {A new tidy data structure to support exploration and modeling of temporal data},
  journal = {Journal of Computational and Graphical Statistics},
  volume = {29},
  number = {3},
  pages = {466-478},
  year = {2020},
  publisher = {Taylor & Francis},
  doi = {10.1080/10618600.2019.1695624},
  url = {https://doi.org/10.1080/10618600.2019.1695624},
}

