@Manual{R-base,
  title = {R: A Language and Environment for Statistical Computing},
  author = {{R Core Team}},
  organization = {R Foundation for Statistical Computing},
  address = {Vienna, Austria},
  year = {2023},
  url = {https://www.R-project.org/},
}



@Manual{R-fable,
  title = {fable: Forecasting Models for Tidy Time Series},
  author = {Mitchell O'Hara-Wild and Rob Hyndman and Earo Wang},
  year = {2023},
  note = {R package version 0.3.3},
  url = {https://fable.tidyverts.org},
}

@Manual{R-fabletools,
  title = {fabletools: Core Tools for Packages in the fable Framework},
  author = {Mitchell O'Hara-Wild and Rob Hyndman and Earo Wang},
  year = {2023},
  note = {R package version 0.3.3},
  url = {https://fabletools.tidyverts.org/},
}

@Manual{R-ggplot2,
  title = {ggplot2: Create Elegant Data Visualisations Using the Grammar of Graphics},
  author = {Hadley Wickham and Winston Chang and Lionel Henry and Thomas Lin Pedersen and Kohske Takahashi and Claus Wilke and Kara Woo and Hiroaki Yutani and Dewey Dunnington},
  year = {2023},
  note = {R package version 3.4.3},
  url = {https://ggplot2.tidyverse.org},
}

@Manual{R-glmnet,
  title = {glmnet: Lasso and Elastic-Net Regularized Generalized Linear Models},
  author = {Jerome Friedman and Trevor Hastie and Rob Tibshirani and Balasubramanian Narasimhan and Kenneth Tay and Noah Simon and James Yang},
  year = {2023},
  note = {R package version 4.1-8},
  url = {https://glmnet.stanford.edu},
}

@Manual{R-kableExtra,
  title = {kableExtra: Construct Complex Table with kable and Pipe Syntax},
  author = {Hao Zhu},
  year = {2021},
  note = {R package version 1.3.4},
  url = {http://haozhu233.github.io/kableExtra/},
}

@Manual{R-mlr3,
  title = {mlr3: Machine Learning in R - Next Generation},
  author = {Michel Lang and Bernd Bischl and Jakob Richter and Patrick Schratz and Martin Binder and Florian Pfisterer and Raphael Sonabend and Marc Becker},
  year = {2023},
  note = {R package version 0.16.1},
  url = {https://mlr3.mlr-org.com},
}

@Manual{R-ranger,
  title = {ranger: A Fast Implementation of Random Forests},
  author = {Marvin N. Wright and Stefan Wager and Philipp Probst},
  year = {2023},
  note = {R package version 0.15.1},
  url = {https://github.com/imbs-hl/ranger},
}

@Manual{R-tsibble,
  title = {tsibble: Tidy Temporal Data Frames and Tools},
  author = {Earo Wang and Di Cook and Rob Hyndman and Mitchell O'Hara-Wild},
  year = {2022},
  note = {R package version 1.1.3},
  url = {https://tsibble.tidyverts.org},
}

@Manual{R-xgboost,
  title = {xgboost: Extreme Gradient Boosting},
  author = {Tianqi Chen and Tong He and Michael Benesty and Vadim Khotilovich and Yuan Tang and Hyunsu Cho and Kailong Chen and Rory Mitchell and Ignacio Cano and Tianyi Zhou and Mu Li and Junyuan Xie and Min Lin and Yifeng Geng and Yutian Li and Jiaming Yuan},
  year = {2023},
  note = {R package version 1.7.5.1},
  url = {https://github.com/dmlc/xgboost},
}

@Book{ggplot22016,
  author = {Hadley Wickham},
  title = {ggplot2: Elegant Graphics for Data Analysis},
  publisher = {Springer-Verlag New York},
  year = {2016},
  isbn = {978-3-319-24277-4},
  url = {https://ggplot2.tidyverse.org},
}

@Article{glmnet2010,
  title = {Regularization Paths for Generalized Linear Models via Coordinate Descent},
  author = {Jerome Friedman and Robert Tibshirani and Trevor Hastie},
  journal = {Journal of Statistical Software},
  year = {2010},
  volume = {33},
  number = {1},
  pages = {1--22},
  doi = {10.18637/jss.v033.i01},
}

@Article{glmnet2011,
  title = {Regularization Paths for Cox's Proportional Hazards Model via Coordinate Descent},
  author = {Noah Simon and Jerome Friedman and Robert Tibshirani and Trevor Hastie},
  journal = {Journal of Statistical Software},
  year = {2011},
  volume = {39},
  number = {5},
  pages = {1--13},
  doi = {10.18637/jss.v039.i05},
}

@Article{glmnet2023,
  title = {Elastic Net Regularization Paths for All Generalized Linear Models},
  author = {J. Kenneth Tay and Balasubramanian Narasimhan and Trevor Hastie},
  journal = {Journal of Statistical Software},
  year = {2023},
  volume = {106},
  number = {1},
  pages = {1--31},
  doi = {10.18637/jss.v106.i01},
}

@Article{mlr3,
  title = {{mlr3}: A modern object-oriented machine learning framework in {R}},
  author = {Michel Lang and Martin Binder and Jakob Richter and Patrick Schratz and Florian Pfisterer and Stefan Coors and Quay Au and Giuseppe Casalicchio and Lars Kotthoff and Bernd Bischl},
  journal = {Journal of Open Source Software},
  year = {2019},
  month = {dec},
  doi = {10.21105/joss.01903},
  url = {https://joss.theoj.org/papers/10.21105/joss.01903},
}

@Article{ranger2017,
  title = {{ranger}: A Fast Implementation of Random Forests for High Dimensional Data in {C++} and {R}},
  author = {Marvin N. Wright and Andreas Ziegler},
  journal = {Journal of Statistical Software},
  year = {2017},
  volume = {77},
  number = {1},
  pages = {1--17},
  doi = {10.18637/jss.v077.i01},
}

@Article{tsibble2020,
  author = {Earo Wang and Dianne Cook and Rob J Hyndman},
  title = {A new tidy data structure to support exploration and modeling of temporal data},
  journal = {Journal of Computational and Graphical Statistics},
  volume = {29},
  number = {3},
  pages = {466-478},
  year = {2020},
  publisher = {Taylor & Francis},
  doi = {10.1080/10618600.2019.1695624},
  url = {https://doi.org/10.1080/10618600.2019.1695624},
}

